# ---------------------------------------------------------------------------------------------------------------------
# Lecturas básicas
# ---------------------------------------------------------------------------------------------------------------------
# Horovod
@article{horovod,
	title        = {Horovod: fast and easy distributed deep learning in TensorFlow},
	author       = {Alexander Sergeev and Mike Del Balso},
	year         = 2018,
	journal      = {CoRR},
	volume       = {abs/1802.05799},
	url          = {http://arxiv.org/abs/1802.05799},
	eprinttype   = {arXiv},
	eprint       = {1802.05799},
	timestamp    = {Mon, 13 Aug 2018 16:46:12 +0200},
	biburl       = {https://dblp.org/rec/journals/corr/abs-1802-05799.bib},
	bibsource    = {dblp computer science bibliography, https://dblp.org}
}
# Spark
@inproceedings{rdds,
	title        = {Resilient Distributed Datasets: A {Fault-Tolerant} Abstraction for {In-Memory} Cluster Computing},
	author       = {Matei Zaharia and Mosharaf Chowdhury and Tathagata Das and Ankur Dave and Justin Ma and Murphy McCauly and Michael J. Franklin and Scott Shenker and Ion Stoica},
	year         = 2012,
	month        = {abril},
	booktitle    = {9th USENIX Symposium on Networked Systems Design and Implementation (NSDI 12)},
	publisher    = {USENIX Association},
	address      = {San Jose, CA},
	pages        = {15--28},
	isbn         = {978-931971-92-8},
	url          = {https://www.usenix.org/conference/nsdi12/technical-sessions/presentation/zaharia}
}
# Dapso
@inproceedings{dapso,
	title        = {A {C}omparison of {S}ynchronous and {A}synchronous {D}istributed {P}article {S}warm {O}ptimization for {E}dge {C}omputing},
	author       = {Riccardo Busetti and Nabil El Ioini and Hamid Reza Barzegar and Claus Pahl},
	year         = 2023,
	booktitle    = {International Conference on Cloud Computing and Services Science},
	url          = {https://api.semanticscholar.org/CorpusID:258408257}
}
@inproceedings{dapso_2,
	title        = {A {D}istributed {P}article {S}warm {O}ptimization {A}lgorithm {B}ased on {A}pache {S}park for {A}synchronous {P}arallel {T}raining of {D}eep {N}eural {N}etworks},
	author       = {Capel, Manuel I. and Holgado, Juan A. and Galiana Velasco, Sergio and Salguero, Alberto},
	year         = 2024,
    month        = {agosto},
	booktitle    = {Fourth International Workshop on Parallel and Distributed Algorithms for Decision Sciences (PDADS 2024)}
}
@inproceedings{dapso_3,
	title        = {GPU-Accelerated PSO for {N}eural {N}etwork-{B}ased {E}nergy {C}onsumption {P}rediction},
	author       = {Capel, Manuel I. and Holgado, Juan A. and Salguero, Alberto},
	year         = 2024,
	address      = {Madrid},
    month        = {agosto},
	booktitle    = {EuroPar 2024}
}

# Antecedentes
@misc{hellerstein2012madlibanalyticslibrarymad,
	title        = {The MADlib Analytics Library or MAD Skills, the SQL},
	author       = {Joe Hellerstein and Christopher Ré and Florian Schoppmann and Daisy Zhe Wang and Eugene Fratkin and Aleksander Gorajek and Kee Siong Ng and Caleb Welton and Xixuan Feng and Kun Li and Arun Kumar},
	year         = 2012,
	url          = {https://arxiv.org/abs/1208.4165},
	eprint       = {1208.4165},
	archiveprefix = {arXiv},
	primaryclass = {cs.DB}
}
@inproceedings{Kraska2013MLbaseAD,
	title        = {MLbase: A Distributed Machine-learning System},
	author       = {Tim Kraska and Ameet Talwalkar and John C. Duchi and Rean Griffith and Michael J. Franklin and Michael I. Jordan},
	year         = 2013,
	booktitle    = {Conference on Innovative Data Systems Research},
	url          = {https://api.semanticscholar.org/CorpusID:9300748}
}
@misc{tensorflow,
    title       = {TensorFlow},
    author      = {TensorFlow},
	url          = {\url{https://www.tensorflow.org/}},
	note         = {[Recurso online, accedido el 12 de julio de 2024]},
	howpublished = {\url{https://www.tensorflow.org/}}
}
# ---------------------------------------------------------------------------------------------------------------------
# Lenguajes formales & autómatas
# ---------------------------------------------------------------------------------------------------------------------
@article{greibach_1981_formal,
	title        = {Formal Languages: Origins and Directions},
	author       = {Greibach, S.A.},
	year         = 1981,
	journal      = {IEEE Annals of the History of Computing},
	volume       = 3,
	pages        = {14--41},
	doi          = {10.1109/mahc.1981.10006}
}
@inbook{Yu1997,
	title        = {Regular Languages},
	author       = {Yu, Sheng},
	year         = 1997,
	booktitle    = {Handbook of Formal Languages: Volume 1 Word, Language, Grammar},
	publisher    = {Springer Berlin Heidelberg},
	address      = {Berlin, Heidelberg},
	doi          = {10.1007/978-3-642-59136-5_2},
	isbn         = {978-3-642-59136-5},
	url          = {https://doi.org/10.1007/978-3-642-59136-5_2},
	editor       = {Rozenberg, Grzegorz and Salomaa, Arto}
}
@inbook{Mateescu1997,
	title        = {Formal Languages: an Introduction and a Synopsis},
	author       = {Mateescu, Alexandru and Salomaa, Arto},
	year         = 1997,
	booktitle    = {Handbook of Formal Languages: Volume 1 Word, Language, Grammar},
	publisher    = {Springer Berlin Heidelberg},
	address      = {Berlin, Heidelberg},
	doi          = {10.1007/978-3-642-59136-5_1},
	isbn         = {978-3-642-59136-5},
	url          = {https://doi.org/10.1007/978-3-642-59136-5_1},
	editor       = {Rozenberg, Grzegorz and Salomaa, Arto}
}
@incollection{Becerra2018,
	title        = {{Mathematical Foundations: Formal Grammars and Languages}},
	author       = {Becerra-Bonache, Leonor and Bel-Enguix, Gemma and Jiménez-López, M. Dolores and Martín-Vide, Carlos},
	year         = 2022,
	month        = {junio},
	booktitle    = {{The Oxford Handbook of Computational Linguistics}},
	publisher    = {Oxford University Press},
	doi          = {10.1093/oxfordhb/9780199573691.013.021},
	isbn         = 9780199573691,
	url          = {https://doi.org/10.1093/oxfordhb/9780199573691.013.021},
	eprint       = {https://academic.oup.com/book/0/chapter/358148992/chapter-pdf/45719689/oxfordhb-9780199573691-e-021.pdf}
}
@book{harrison_1978,
	title        = {Introduction to Formal Language Theory},
	author       = {Harrison, Michael A},
	year         = 1978,
	publisher    = {Addison Wesley Publishing Company},
	isbn         = {978-0-201-02955-0}
}
@book{kozen_1997,
	title        = {Automata and Computability},
	author       = {Kozen, Dexter C.},
	year         = 1997,
	publisher    = {Springer New York},
	doi          = {https://doi.org/10.1007/978-1-4612-1844-9}
}
@misc{pfenning_2000,
	title        = {15-453 {F}ormal Languages, Automata, and Computation. Lecture 9: Regular Grammars},
	author       = {Pfenning, Frank},
	year         = 2000,
	journal      = {www.cs.cmu.edu},
	url          = {\url{https://www.cs.cmu.edu/~fp/courses/flac/lectures/lecture09.html}},
	note         = {[Recurso online, accedido el 15 de junio de 2024]},
	howpublished = {\url{https://www.cs.cmu.edu/~fp/courses/flac/lectures/lecture09.html}}
}
@book{kelley_2001,
	title        = {Teoría de autómatas y lenguajes formales},
	author       = {Kelley, Dean},
	year         = 2001,
	publisher    = {Prentice Hall},
	isbn         = {0-13-518705-2},
	editor       = {Diez Platas, María Luisa}
}
@book{wolfram_2018,
	title        = {A New Kind of Science},
	author       = {Wolfram, Stephen},
	year         = 2018,
	publisher    = {Wolfram Media},
	pages        = 958,
	isbn         = 9781579550257
}
@book{chakraborty_2003,
	title        = {Formal Languages and Automata Theory. Regular Expressions and Finite Automata},
	author       = {Chakraborty, Samarjit},
	year         = 2003,
	month        = {marzo},
	address      = {Swiss Federal Institute of Technology (ETH) Zürich},
	url          = {http://www.geocities.ws/parouyr_sevak/des_book_automata.pdf},
	institution  = {Computer Engineering and Networks Laboratory.}
}
@misc{kleene_teo,
	title        = {Kleene’s Theorem},
	author       = {PlanetMath},
	year         = 2018,
	url          = {\url{https://planetmath.org/KleenesTheorem}},
	note         = {[Recurso online, accedido el 14 de junio de 2024]},
	howpublished = {\url{https://planetmath.org/KleenesTheorem}}
}
@misc{juxt_auto,
	title        = {Juxtaposition of Automata},
	author       = {PlanetMath},
	year         = 2018,
	url          = {\url{https://planetmath.org/juxtapositionofautomata}},
	note         = {[Recurso online, accedido el 14 de junio de 2024]},
	howpublished = {\url{https://planetmath.org/juxtapositionofautomata}}
}
@misc{kls_auto,
	title        = {Kleene Star of an Automaton},
	author       = {PlanetMath},
	year         = 2018,
	url          = {\url{https://planetmath.org/kleenestarofanautomaton}},
	note         = {[Recurso online, accedido el 14 de junio de 2024]},
	howpublished = {\url{https://planetmath.org/kleenestarofanautomaton}}
}
@misc{union_auto,
	title        = {Mathematical Foundations of Automata Theory},
	author       = {Jean-\'Eric Pin},
	year         = 2022,
	url          = {\url{https://www.liafa.jussieu.fr/~jep/PDF/MPRI/MPRI.pdf}},
	note         = {[Recurso online, accedido el 15 de junio de 2024]},
	howpublished = {\url{https://www.liafa.jussieu.fr/~jep/PDF/MPRI/MPRI.pdf}}
}
@book{davis_sigal_weyuker_1994,
	title        = {Computability, Complexity, and Languages},
	author       = {Davis, Martin D. and Sigal, Ron and Weyuker, Elaine J.},
	year         = 1994,
	month        = {Jan},
	publisher    = {Morgan Kaufmann},
	address      = {San Francisco},
	doi          = {https://doi.org/10.1016/c2009-0-21176-7},
	edition      = {2a}
}
# ---------------------------------------------------------------------------------------------------------------------
# Redes neuronales
# ---------------------------------------------------------------------------------------------------------------------
@article{mcculloh-pitts,
	title        = {A Logical Calculus of the Ideas Immanent in Nervous Activity},
	author       = {Warren S. McCulloh and Walter Pitts},
	year         = 1943,
	journal      = {Bulletin of Mathematical Biophysics},
	volume       = 5,
	pages        = {115--133}
}
@article{dong_hsiao_yang_yang_2018,
	title        = {MuseGAN: Multi-track Sequential Generative Adversarial Networks for Symbolic Music Generation and Accompaniment},
	author       = {Dong, Hao-Wen and Hsiao, Wen-Yi and Yang, Li-Chia and Yang, Yi-Hsuan},
	year         = 2018,
	month        = {abril},
	journal      = {arXiv (Cornell University)},
	publisher    = {Cornell University},
	doi          = {https://doi.org/10.48550/arxiv.1709.06298},
	url          = {https://arxiv.org/abs/1709.06298}
}
@inbook{Yagawa2021,
	title        = {Feedforward Neural Networks},
	author       = {Yagawa, Genki and Oishi, Atsuya},
	year         = 2021,
	booktitle    = {Computational Mechanics with Neural Networks},
	publisher    = {Springer International Publishing},
	address      = {Cham},
	pages        = {11--23},
	doi          = {10.1007/978-3-030-66111-3_2},
	isbn         = {978-3-030-66111-3},
	url          = {https://doi.org/10.1007/978-3-030-66111-3_2}
}
@book{haykin_1999,
	title        = {Neural Networks},
	author       = {Haykin, Simon S},
	year         = 1999,
	publisher    = {Upper Saddle River, N.J. : Prentice Hall}
}
@book{mohri_rostamizadeh_talwalkar_2018,
	title        = {Foundations of Machine Learning},
	author       = {Mohri, Mehryar and Rostamizadeh, Afshin and Talwalkar, Ameet},
	year         = 2018,
	publisher    = {The Mit Press},
	address      = {Cambridge, Massachusetts},
	isbn         = 9780262039406
}
@misc{mlp,
	title        = {Introduction to Neural Network Models of Cognition},
	author       = {Pablo Caceres},
	year         = 2021,
	url          = {\url{https://com-cog-book.github.io/com-cog-book/intro.html}},
	note         = {[Recurso online, accedido el 26 de junio de 2024]},
	howpublished = {\url{https://com-cog-book.github.io/com-cog-book/intro.html}}
}
@book{muller_guido_2017,
	title        = {Introduction to Machine Learning with Python : a Guide for Data Scientists},
	author       = {Müller, Andreas C and Guido, Sarah},
	year         = 2017,
	publisher    = {O’reilly},
	address      = {Beijing},
	isbn         = 9781449369415
}
@article{hornik_1989,
	title        = {Multilayer feedforward networks are universal approximators},
	author       = {Kurt Hornik and Maxwell Stinchcombe and Halbert White},
	year         = 1989,
	journal      = {Neural Networks},
	volume       = 2,
	number       = 5,
	pages        = {359--366},
	doi          = {https://doi.org/10.1016/0893-6080(89)90020-8},
	issn         = {0893-6080},
	url          = {https://www.sciencedirect.com/science/article/pii/0893608089900208}
}
@article{hornik_1991,
	title        = {Approximation capabilities of multilayer feedforward networks},
	author       = {Kurt Hornik},
	year         = 1991,
	journal      = {Neural Networks},
	volume       = 4,
	number       = 2,
	pages        = {251--257},
	doi          = {https://doi.org/10.1016/0893-6080(91)90009-T},
	issn         = {0893-6080},
	url          = {https://www.sciencedirect.com/science/article/pii/089360809190009T}
}
# ---------------------------------------------------------------------------------------------------------------------
# Paralelismo
# ---------------------------------------------------------------------------------------------------------------------
@book{wilkinson_allen_2005,
	title        = {Parallel Programming : Techniques and Applications Using Networked Workstations and Parallel Computers},
	author       = {Wilkinson, Barry and Allen, Michael},
	year         = 2005,
	publisher    = {Pearson/Prentice Hall},
	address      = {Upper Saddle River, Nj},
	isbn         = 9780131405639,
	edition      = {2ª}
}
@book{czech_2017,
	title        = {Introduction to Parallel computing.},
	author       = {Czech, Zbigniew J},
	year         = 2017,
	publisher    = {Cambridge University Press},
	isbn         = 9781107174399
}
@inbook{Gustafson2011,
	title        = {Encyclopedia of Parallel Computing},
	author       = {Gustafson, John L.},
	year         = 2011,
	publisher    = {Springer US},
	address      = {Boston, MA},
	pages        = {53--60},
	doi          = {10.1007/978-0-387-09766-4_77},
	isbn         = {978-0-387-09766-4},
	url          = {https://doi.org/10.1007/978-0-387-09766-4_77},
	editor       = {Padua, David}
}
@article{SUN199327,
	title        = {Scalable Problems and Memory-Bounded Speedup},
	author       = {X.H. Sun and L.M. Ni},
	year         = 1993,
	journal      = {Journal of Parallel and Distributed Computing},
	volume       = 19,
	number       = 1,
	pages        = {27--37},
	doi          = {https://doi.org/10.1006/jpdc.1993.1087},
	issn         = {0743-7315},
	url          = {https://www.sciencedirect.com/science/article/pii/S0743731583710877}
}
@misc{spark,
	title        = {Apache {S}park\textsuperscript{\texttrademark} - {U}nified {E}ngine for large-scale data analytics},
	author       = {Apache Software Foundation},
	year         = 2018,
	url          = {\url{https://spark.apache.org}},
	note         = {[Recurso online, accedido el 3 de julio de 2024]},
	howpublished = {\url{https://spark.apache.org}}
}
@inbook{mcp,
	title        = {Embedded Computing for High Performance},
	author       = {João M.P. Cardoso and José Gabriel F. Coutinho and Pedro C. Diniz},
	year         = 2017,
	publisher    = {Morgan Kaufmann},
	address      = {Boston},
	pages        = {18--23},
	doi          = {https://doi.org/10.1016/B978-0-12-804189-5.00002-8},
	isbn         = {978-0-12-804189-5},
	url          = {https://www.sciencedirect.com/science/article/pii/B9780128041895000028}
}
@article{nitzberg_91,
	title        = {Distributed shared memory: a survey of issues and algorithms},
	author       = {Nitzberg, B. and Lo, V.},
	year         = 1991,
	journal      = {Computer},
	volume       = 24,
	number       = 8,
	pages        = {52--60},
	doi          = {10.1109/2.84877}
}
@misc{dsm,
	title        = {Distributed Shared Memory Systems},
	author       = {Ankit Gupta},
	year         = 2015,
	month        = {julio},
	day          = 5,
	url          = {\url{https://es.slideshare.net/slideshow/distributed-shared-memory-systems/50176177}},
	note         = {[Recurso online, accedido el 3 de julio de 2024]},
	howpublished = {\url{https://es.slideshare.net/slideshow/distributed-shared-memory-systems/50176177}}
}
# ---------------------------------------------------------------------------------------------------------------------
# PSO
# ---------------------------------------------------------------------------------------------------------------------
@article{gad_2022,
	title        = {Particle Swarm Optimization Algorithm and Its Applications: A Systematic Review},
	author       = {Gad, Ahmed G.},
	year         = 2022,
	month        = {abril},
	journal      = {Archives of Computational Methods in Engineering},
	volume       = 29,
	number       = 5,
	pages        = {2531–2561},
	doi          = {https://doi.org/10.1007/s11831-021-09694-4}
}
@misc{clerc_12,
	title        = {{Standard Particle Swarm Optimisation}},
	author       = {Clerc, Maurice},
	year         = 2012,
	month        = {diciembre},
	note         = {Preprint. hal-id: hal-00764996}
}
@misc{scala_accum,
	title        = {Accumulator},
	author       = {Scala},
	year         = 2024,
	url          = {\url{https://www.scala-lang.org/api/3.x/scala/jdk/Accumulator.html}},
	note         = {[Recurso online, accedido el 11 de julio de 2024]},
	howpublished = {\url{https://www.scala-lang.org/api/3.x/scala/jdk/Accumulator.html}}
}
@misc{scala_broadcast,
	title        = {Accumulator},
	author       = {Scala},
	year         = 2024,
	url          = {\url{https://www.scala-lang.org/api/3.x/scala/jdk/Accumulator.html}},
	note         = {[Recurso online, accedido el 11 de julio de 2024]},
	howpublished = {\url{https://www.scala-lang.org/api/3.x/scala/jdk/Accumulator.html}}
}
# ---------------------------------------------------------------------------------------------------------------------
# SSDL
# ---------------------------------------------------------------------------------------------------------------------
@book{parr_2013,
	title        = {The Definitive ANTLR 4 Reference},
	author       = {Parr, Terence},
	year         = 2013,
	month        = {enero},
	publisher    = {Pragmatic Bookshelf},
	isbn         = 9781680505009
}
@article{deursen_klint_visser_2000,
	title        = {Domain-specific Languages: An Annotared Bibliography},
	author       = {van Deursen, Arie and Klint, Paul and Visser, Joost},
	year         = 2000,
	month        = {junio},
	journal      = {ACM SIGPLAN Notices},
	volume       = 35,
	number       = 6,
	pages        = {26–36},
	doi          = {https://doi.org/10.1145/352029.352035}
}
# ---------------------------------------------------------------------------------------------------------------------
# Datasets
# ---------------------------------------------------------------------------------------------------------------------
@misc{cancer,
	title        = {Breast Cancer Wisconsin (Diagnostic)},
	author       = {William Wolberg and Olvi Mangasarian and Nick Street and W. Street},
	year         = 1995,
	note         = {{DOI}: https://doi.org/10.24432/C5DW2B},
	howpublished = {UCI Machine Learning Repository}
}
@article{iruela_ruiz_criado-ramón_pegalajar_capel_2024, 
    title        = {A GPU-accelerated Adaptation of the PSO Algorithm for multi-objective Optimization Applied to Artificial Neural Networks to Predict Energy Consumption},
    volume       = {160},
    journal      = {Applied Soft Computing}, 
    publisher    = {Elsevier BV},
    author       = {Iruela, J.R.S. and Ruiz, L.G.B and Criado-Ramón, D. and Pegalajar, M.C. and Capel, M.I}, 
    year         = {2024},
    month        = {julio}
}